<?xml version="1.0" encoding="UTF-8"?><collection xmlns="http://www.loc.gov/MARC21/slim"><record><leader>00623nam--2200193-i-4500</leader><controlfield tag="001">000001984</controlfield><controlfield tag="002">20161230</controlfield><controlfield tag="005">20161230201024</controlfield><controlfield tag="008">060222s1000------------r-----000-0-fre-d</controlfield><datafield ind1=" " ind2=" " tag="040"><subfield code="a">IFIN-HH</subfield></datafield><datafield ind1=" " ind2=" " tag="041"><subfield code="a">fre</subfield></datafield><datafield ind1=" " ind2=" " tag="080"><subfield code="a">53.01</subfield></datafield><datafield ind1="1" ind2=" " tag="110"><subfield code="a">Biblioteque Scientifique</subfield></datafield><datafield ind1="1" ind2="0" tag="245"><subfield code="a">Etudes de philosophie des sciences. en hommage a ferdinand gonseth a l'occasion de son soixantieme anniversaire</subfield></datafield><datafield ind1=" " ind2=" " tag="260"><subfield code="a">Neuchatel, Editions Du Griffon, 1950. 174 P</subfield><subfield code="b">Editions Du Griffon</subfield><subfield code="c">1950</subfield></datafield><datafield ind1=" " ind2=" " tag="300"><subfield code="a">174 P</subfield></datafield><datafield ind1=" " ind2=" " tag="490"><subfield code="a">Biblioteque Scientifique. 20. Serie Dialectica</subfield></datafield><datafield ind1=" " ind2=" " tag="852"><subfield code="a">14489</subfield><subfield code="c">53.01</subfield></datafield><datafield ind1=" " ind2=" " tag="CAT"><subfield code="a">Sys</subfield><subfield code="c">20151013</subfield><subfield code="h">085207</subfield></datafield></record></collection>